% temporary bib item; useful for marking down future citations
@misc{TODO,
	title = {{TODO}}
}

@article{doroftei2007omnidirectional,
  title={Omnidirectional Mobile Robot--Design and Implementation},
  author={Doroftei, I. and Grosu, V. and Spinu, V.},
  journal={Habib, Maki. Bioinspiration and Robotics, Walking and Climbing Robots. Viena, Austria: I-Tech Education and Publishing},
  pages={511--528},
  year={2007}
}

@misc{hon1975wheels,
  title={Wheels for a course stable selfpropelling vehicle movable in any desired direction on the ground or some other base},
  author={Hon, B.E.},
  year={1975},
  publisher={Google Patents},
  note={US Patent 3,876,255}
}

@misc{contest,
  title={Atmel University Program },
  howpublished= "\url{http://www.atmel.com/about/corporate/university/default.aspx}",
  note="[Online, last accessed 10 Feb 2013]",
}


@article{song2004design,
  title={Design and Control of a Four-Wheeled Omnidirectional Mobile Robot with Steerable Omnidirectional Wheels},
  author={Song, J.B. and Byun, K.S.},
  journal={Journal of Robotic Systems},
  volume={21},
  number={4},
  pages={193--208},
  year={2004},
  publisher={Wiley Online Library}
}


@article{song2006design,
  title={Design and control of an omnidirectional mobile robot with steerable omnidirectional wheels},
  author={Song, J.B. and Byun, K.S.},
  journal={Mobile Robots, Moving Intelligence},
  pages={576},
  year={2006}
}


@article{hill2004platforms,
  title={The platforms enabling wireless sensor networks},
  author={Hill, Jason and Horton, Mike and Kling, Ralph and Krishnamurthy, Lakshman},
  journal={Communications of the ACM},
  volume={47},
  number={6},
  pages={41--46},
  year={2004},
  publisher={ACM}
}


@article{parrot2012drone,
  title={Drone},
  author={Parrot, AR},
  journal={Available: ardrone. parrot. com},
  volume={75},
  year={2012}
}

@article{fcint,
	title={FCINT - Service Composition Framework based on Onthologies for Knowledge and Information Aggregation in Smart Buildings },
	journal = {Available: fcint. ro},
	year = {2013}
}

@inproceedings{da2011design,
  title={Design and construction of wireless sensor network gateway with IPv4/IPv6 support},
  author={da Silva Campos, Bruno and Rodrigues, Joel JPC and Mendes, Lucas DP and Nakamura, Eduardo Freire and Figueiredo, Carlos Mauricio S},
  booktitle={Communications (ICC), 2011 IEEE International Conference on},
  pages={1--5},
  year={2011},
  organization={IEEE}
}

@inproceedings{da2011design2,
  title={Design and construction of wireless sensor network gateway with IPv4/IPv6 support},
  author={da Silva Campos, Bruno and Rodrigues, Joel JPC and Mendes, Lucas DP and Nakamura, Eduardo Freire and Figueiredo, Carlos Mauricio S},
  booktitle={Communications (ICC), 2011 IEEE International Conference on},
  pages={1--5},
  year={2011},
  organization={IEEE}
}

@article{burrell2004vineyard,
  title={Vineyard computing: Sensor networks in agricultural production},
  author={Burrell, Jenna and Brooke, Tim and Beckwith, Richard},
  journal={Pervasive Computing, IEEE},
  volume={3},
  number={1},
  pages={38--45},
  year={2004},
  publisher={IEEE}
}


@inproceedings{baggio2005wireless,
  title={Wireless sensor networks in precision agriculture},
  author={Baggio, Aline},
  booktitle={ACM Workshop on Real-World Wireless Sensor Networks (REALWSN 2005), Stockholm, Sweden},
  year={2005}
}


@article{ulmer2003wireless,
  title={Wireless distributed sensor networks for in-situ exploration of mars},
  author={Ulmer, Craig and Yalamanchili, Sudhakar and Alkalai, Leon},
  journal={Georgia Institute of Technology and California Institute of Technology, editors, Technical Report},
  year={2003},
  publisher={Citeseer}
}

@inproceedings{voinescu2013lightweight,
  title={A lightweight, versatile gateway platform for Wireless Sensor Networks},
  author={Voinescu, Andrei and Tudose, Dan and Dragomir, Dan},
  booktitle={Networking in Education and Research, 2013 RoEduNet International Conference 12th Edition},
  pages={1--4},
  year={2013},
  organization={IEEE}
}

