@article{meenakshi2014tsunami,
  title={Tsunami Detection and forewarning system using Wireless Sensor Network-A Survey},
  author={Meenakshi, N and Rodrigues, Paul},
  year={2014},
  pages={76-79},
}

@article{torfs2013low,
  title={Low power wireless sensor network for building monitoring},
  author={Torfs, Tom and Sterken, Tom and Brebels, Steven and Santana, Juan and van den Hoven, Richard and Spiering, Vincent and Bertsch, Nicolas and Trapani, Davide and Zonta, Daniele},
  journal={Sensors Journal, IEEE},
  volume={13},
  number={3},
  pages={909--915},
  year={2013},
  publisher={IEEE}
}

@inproceedings{liu2013volcanic,
  title={Volcanic earthquake timing using wireless sensor networks},
  author={Liu, Guojin and Tan, Rui and Zhou, Ruogu and Xing, Guoliang and Song, Wen-Zhan and Lees, Jonathan M},
  booktitle={Proceedings of the 12th international conference on Information processing in sensor networks},
  pages={91--102},
  year={2013},
  organization={ACM}
}

@book{ben2012seismic,
  title={Seismic waves and sources},
  author={Ben-Menahem, Ari and Singh, Sarva Jit},
  year={2012},
  publisher={Courier Corporation}
}

