% ********** Bibliography **********

% ****************************************
% Your bibliography should be stored here
% ****************************************

% Here you have some examples of bbliography items to be used in a thesis
@INPROCEEDINGS{Nec99cuttree,
    author = {Andrew Goldberg Nec and Andrew V. Goldberg and Kostas Tsioutsiouliklis},
    title = {Cut Tree Algorithms},
    booktitle = {In Symposium on Discrete Algorithms},
    year = {1999},
    pages = {376--385}
}
@article{Gold1988,
author = {Olivier Goldschmidt and Dorit S. Hochbaum},
title = {Polynomial Algorithm for the k-Cut Problem},
year = {1988}
}
@misc{Jaco2006,
author = {Brian Jacokes},
title = {Lecture notes on multiway cuts and k-cuts},
year = {2006},
month= {July},
}
@misc{rzraven,
author= {Atmel},
title = {RZRAVEN Hardware User's Guide}
}
@misc{zigbit,
title = {Zigbit wireless modules Datasheet}
}
@BOOK{Verd2007,
	AUTHOR= "Roberto Verdone et al.",
	TITLE = "Wireless Sensor and Actuator Networks: Technologies, Analysis and Design",
	PUBLISHER = "Academic Press",
	YEAR = "2007",
	EDITION = "1st"
}

@BOOK{Call2004,
author="Edgar H. Callaway",
title="Wireless Sensor Networks: Architectures and Protocols",
publisher="CRC Press",
year="2004",
}
@BOOK{Xiang2008,
author="Xiang-Yang Li",
title="Wireless Ad Hoc and Sensors Networks: Theory and Applications",
publisher="Cambridge University Press",
year="2008",
}



@inproceedings{Chong2003,
    author = "C. Chong and S.P. Kumar",
    booktitle = "Sensor networks: Evolution, opportunities, and challenges",
    year = "2003",
}


@ARTICLE{Bett2005,
	AUTHOR	     = "C. Prehofer and C. Bettstetter",
	TITLE	     = "Self-organization in communication networks: principles and design paradigms",
	JOURNAL	     = "IEEE Communications Magazine",
        YEAR	     = "2005",
        MONTH	     = "July",
        PAGES	     = "78-85",
        VOLUME       = "43",
        NUMBER = "7",
}

@ARTICLE{Yuns2007,
  AUTHOR = "Yunseop (James) Kim, Robert G Evans, William M Iversen",
  TITLE = "The Future of Intelligent Agriculture",
  JOURNAL = "Resource",
  YEAR = "2007",
  MONTH = "October"
 }

@ARTICLE{Yuan2007,
author = "Yuan Tian and Eylem Ekici and F{\"u}sun {\"O}zg{\"u}ner",
title = "Energy-Constrained Task Mapping and Scheduling in Wireless Sensor Networks",
year ="2007"
}

@article{Hagr2005,
  author    = {Tarek Hagras and
               Jan Janecek},
  title     = {A high performance, low complexity algorithm for compile-time
               task scheduling in heterogeneous systems},
  journal   = {Parallel Computing},
  volume    = {31},
  number    = {7},
  year      = {2005},
  pages     = {653-670},
  ee        = {http://dx.doi.org/10.1016/j.parco.2005.04.002},
  bibsource = {DBLP, http://dblp.uni-trier.de}
}

@inproceedings{Deli2005,
  author = {Flávia Coimbra Delicato and Fábio Protti and José Ferreira de Rezende and Luiz F. Rust da Costa Carmo and Luci Pirmez},
  booktitle = {ICN (1)},
  editor = {Pascal Lorenz and Petre Dini},
  interHash = {f9c945ac0e89594a27b700cb5614ba03},
  intraHash = {4d9ec877dd440c9cb045e1fb68098a53},
  pages = {569-576},
  publisher = {Springer},
  series = {Lecture Notes in Computer Science},
  title = {Application-Driven Node Management in Multihop Wireless Sensor Networks.},
  url = {http://dblp.uni-trier.de/db/conf/icn/icn2005-1.html#DelicatoPRRP05},
  volume = {3420},
  year = {2005},
  ee = {http://springerlink.metapress.com/openurl.asp?genre=article&issn=0302-9743&volume=3420&spage=569},
  isbn = {3-540-25339-4},
  date = {2007-04-25}
}


@ARTICLE{Kama2006,
	AUTHOR       = "Kamalapur, Snehal and Deshpande, Neeta",
	TITLE        = "Efficient CPU Scheduling: A Genetic Algorithm based Approach",
	JOURNAL      = "Ad Hoc and Ubiquitous Computing",
	YEAR         = " 2006",
	PAGES        = "206 - 207",
	MONTH        = "December",
}



% ********** End of bibliography **********
