% temporary bib item; useful for marking down future citations
@book{johnson1991superscalar,
  title={Superscalar microprocessor design},
  author={Johnson, Mike and Johnson, Mike},
  volume={77},
  year={1991},
  publisher={prentice Hall Englewood Cliffs, New Jersey}
}

@book{palacharla1997complexity,
  title={Complexity-effective superscalar processors},
  author={Palacharla, Subbarao and Jouppi, Norman P and Smith, James E},
  volume={25},
  number={2},
  year={1997},
  publisher={ACM}
}

@article{hwu1993superblock,
  title={The superblock: an effective technique for VLIW and superscalar compilation},
  author={Hwu, Wen-Mei W and Mahlke, Scott A and Chen, William Y and Chang, Pohua P and Warter, Nancy J and Bringmann, Roger A and Ouellette, Roland G and Hank, Richard E and Kiyohara, Tokuzo and Haab, Grant E and others},
  journal={the Journal of Supercomputing},
  volume={7},
  number={1-2},
  pages={229--248},
  year={1993},
  publisher={Springer}
}

@book{jouppi1989available,
  title={Available instruction-level parallelism for superscalar and superpipelined machines},
  author={Jouppi, Norman P and Wall, David W},
  volume={17},
  number={2},
  year={1989},
  publisher={ACM}
}

@inproceedings{tuck2003initial,
  title={Initial observations of the simultaneous multithreading Pentium 4 processor},
  author={Tuck, Nathan and Tullsen, Dean M},
  booktitle={Parallel Architectures and Compilation Techniques, 2003. PACT 2003. Proceedings. 12th International Conference on},
  pages={26--34},
  year={2003},
  organization={IEEE}
}

