@inproceedings{graphvizrelwork,
  title={Graphvizâ€”open source graph drawing tools},
  author={Ellson, John and Gansner, Emden and Koutsofios, Lefteris and North, Stephen C and Woodhull, Gordon},
  booktitle={Graph Drawing},
  pages={483--484},
  year={2002},
  organization={Springer}
}

@book{eclipsegefrelwork,
  title={The Eclipse Graphical Editing Framework (GEF)},
  author={Rubel, Dan},
  year={2011},
  publisher={Addison-Wesley Professional}
}

@misc{eclipse2007relwork,
  title={The Eclipse Foundation},
  author={Eclipse, IDE},
  year={2007}
}

@inproceedings{zestrelwork,
  title={Bridging the gap between technical and social dependencies with Ariadne},
  author={Trainer, Erik and Quirk, Stephen and de Souza, Cleidson and Redmiles, David},
  booktitle={Proceedings of the 2005 OOPSLA workshop on Eclipse technology eXchange},
  pages={26--30},
  year={2005},
  organization={ACM}
}

@misc{kuratowski,
  title={Topology, vol. II},
  author={Kuratowski, Ko},
  year={1968},
  publisher={Academic Press New York}
}

@article{chiba,
  title={A linear algorithm for embedding planar graphs using< i> PQ</i>-trees},
  author={Chiba, Norishige and Nishizeki, Takao and Abe, Shigenobu and Ozawa, Takao},
  journal={Journal of Computer and System Sciences},
  volume={30},
  number={1},
  pages={54--76},
  year={1985},
  publisher={Elsevier}
}

@article{de1990draw,
  title={How to draw a planar graph on a grid},
  author={De Fraysseix, Hubert and Pach, J{\'a}nos and Pollack, Richard},
  journal={Combinatorica},
  volume={10},
  number={1},
  pages={41--51},
  year={1990},
  publisher={Springer}
}


@article{fruchterman1991graph,
  title={Graph drawing by force-directed placement},
  author={Fruchterman, Thomas MJ and Reingold, Edward M},
  journal={Software: Practice and experience},
  volume={21},
  number={11},
  pages={1129--1164},
  year={1991},
  publisher={Wiley Online Library}
}

@article{even1976computing,
  title={Computing an< i> st</i>-numbering},
  author={Even, Shimon and Tarjan, Robert Endre},
  journal={Theoretical Computer Science},
  volume={2},
  number={3},
  pages={339--344},
  year={1976},
  publisher={Elsevier}
}

@book{vogel2014contributing,
  title={Contributing to the Eclipse Project: Principles, Plug-ins and Gerrit Code Review},
  author={Vogel, Lars},
  year={2014},
  publisher={Lars Vogel}
}

@article{graham1985history,
  title={On the history of the minimum spanning tree problem},
  author={Graham, Ronald L and Hell, Pavol},
  journal={Annals of the History of Computing},
  volume={7},
  number={1},
  pages={43--57},
  year={1985},
  publisher={IEEE}
}

