% ********** Bibliography **********

% ****************************************
% Your bibliography should be stored here
% ****************************************

% Here you have some examples of bbliography items to be used in a thesis

@article{parrot2012drone,
  title={Drone},
  author={Parrot, AR},
  journal={Available: ardrone. parrot. com},
  volume={75},
  year={2012}
}

@article{erman2008enabling,
  title={Enabling mobility in heterogeneous wireless sensor networks cooperating with UAVs for mission-critical management},
  author={Erman, Ayseg{\"u}l T{\"u}ys{\"u}z and Hoesel, LV and Havinga, Paul and Wu, Jian},
  journal={Wireless Communications, IEEE},
  volume={15},
  number={6},
  pages={38--46},
  year={2008},
  publisher={IEEE}
}

@inproceedings{ollero2007aware,
  title={Aware: Platform for autonomous self-deploying and operation of wireless sensor-actuator networks cooperating with unmanned aerial vehicles},
  author={Ollero, Anibal and Bernard, Markus and La Civita, Marco and van Hoesel, Lodewijk and Marron, Pedro J and Lepley, Jason and de Andres, Eduardo},
  booktitle={Safety, Security and Rescue Robotics, 2007. SSRR 2007. IEEE International Workshop on},
  pages={1--6},
  year={2007},
  organization={IEEE}
}

@article{valente2011air,
  title={An air-ground wireless sensor network for crop monitoring},
  author={Valente, Jo{\~a}o and Sanz, David and Barrientos, Antonio and Cerro, Jaime del and Ribeiro, {\'A}ngela and Rossi, Claudio},
  journal={Sensors},
  volume={11},
  number={6},
  pages={6088--6108},
  year={2011},
  publisher={Molecular Diversity Preservation International}
}

@inproceedings{voinescu2013lightweight,
  title={A lightweight, versatile gateway platform for Wireless Sensor Networks},
  author={Voinescu, Andrei and Tudose, Dan and Dragomir, Dan},
  booktitle={Networking in Education and Research, 2013 RoEduNet International Conference 12th Edition},
  pages={1--4},
  year={2013},
  organization={IEEE}
}


@misc{json, 
  title = {{Json Standard}}, 
  howpublished = "\url{http://www.json.org/xml.html}"
}

@misc{parrot_drone,
  title = {{Parrot Drone}},
  howpublished = "\url{http://img.clubic.com/04862120-photo-parrot-ar-drone-2-0.jpg}"
}

@misc{parrotpopular,
	author = {ALEX BRACETTI},
  title = {{The 10 Best Drones You Can Buy Right Now}},
	month = mar,
	year = {2013},
  howpublished = "\url{http://www.complex.com/pop-culture/2013/03/10-cool-drones-you-can-buy-right-now/parrot-ardrone-20}"
}

@misc {cdcacm,
 title = {{USB ACM}},
	month = mar,
	year = {2010},
 howpublished = "\url{http://wiki.openmoko.org/wiki/CDC_ACM}"
}

@article{teh2008experiments,
  title={Experiments in integrating autonomous uninhabited aerial vehicles (UAVs) and wireless sensor networks},
  author={Teh, Steven K and Mejias, Luis and Corke, Peter and Hu, Wen},
  year={2008},
  publisher={The Australian Robotics and Automation Association Inc.}
}

@article{akyildiz2002wireless,
  title={Wireless sensor networks: a survey},
  author={Akyildiz, Ian F and Su, Weilian and Sankarasubramaniam, Yogesh and Cayirci, Erdal},
  journal={Computer networks},
  volume={38},
  number={4},
  pages={393--422},
  year={2002},
  publisher={Elsevier}
}

@article{cardei2005improving,
  title={Improving wireless sensor network lifetime through power aware organization},
  author={Cardei, Mihaela and Du, Ding-Zhu},
  journal={Wireless Networks},
  volume={11},
  number={3},
  pages={333--340},
  year={2005},
  publisher={Springer-Verlag New York, Inc.}
}

@inproceedings{baggio2005wireless,
  title={Wireless sensor networks in precision agriculture},
  author={Baggio, Aline},
  booktitle={ACM Workshop on Real-World Wireless Sensor Networks (REALWSN 2005), Stockholm, Sweden},
  year={2005}
}
% ********** End of bibliography **********
