% temporary bib item; useful for marking down future citations
@article{luebke2008gpu,
  title={GPU Architecture: Implications \& Trends},
  author={Luebke, David},
  journal={ser. SIGGRAPH},
  volume={2008},
  year={2008}
}

@misc{titanx,
  title = {Nvidia GeForce Titan X - Specifications},
  howpublished = {\url{http://www.geforce.com/hardware/desktop-gpus/geforce-gtx-titan-x/specificationsi}},
  note = {Accessed: 2015-05-3}
}
@misc{980,
  title = {Nvidia GeForce GTX 980 - Specifications},
  howpublished = {\url{http://www.geforce.com/hardware/desktop-gpus/geforce-gtx-980/specifications}},
  note = {Accessed: 2015-05-3}
}

@misc{580,
  title = {Nvidia GeForce GTX 580 - Specifications},
  howpublished = {\url{http://www.geforce.com/hardware/desktop-gpus/geforce-gtx-580/specifications}},
  note = {Accessed: 2015-05-3}
}
@misc{680,
  title = {Nvidia GeForce GTX 680 - Specifications},
  howpublished = {\url{http://www.geforce.com/hardware/desktop-gpus/geforce-gtx-680/specifications}},
  note = {Accessed: 2015-05-3}
}


@inproceedings{kirk2007nvidia,
  title={NVIDIA CUDA software and GPU parallel computing architecture},
  author={Kirk, David and others},
  booktitle={ISMM},
  volume={7},
  pages={103--104},
  year={2007}
}

@inproceedings{gregg2011data,
  title={Where is the data? Why you cannot debate CPU vs. GPU performance without the answer},
  author={Gregg, Chris and Hazelwood, Kim},
  booktitle={Performance Analysis of Systems and Software (ISPASS), 2011 IEEE International Symposium on},
  pages={134--144},
  year={2011},
  organization={IEEE}
}
