% temporary bib item; useful for marking down future citations

@article{shah2014review,
  title={A Review of Existing Security frameworks and Encryption Methods for Wireless Sensor Networks},
  author={Shah, Vartika and Sharma, Sanjiv},
  year={2014}
}

@article{klis2014model,
  title={Model-based data compression for vibration monitoring using wireless sensor networks},
  author={Klis, R and Chatzi, EN},
  journal={Harmful Algae Blooms in Drinking Water: Removal of Cyanobacterial Cells and Toxins},
  volume={1},
  pages={138},
  year={2014},
  publisher={CRC Press}
}

@inproceedings{newsome2004sybil,
  title={The sybil attack in sensor networks: analysis \& defenses},
  author={Newsome, James and Shi, Elaine and Song, Dawn and Perrig, Adrian},
  booktitle={Proceedings of the 3rd international symposium on Information processing in sensor networks},
  pages={259--268},
  year={2004},
  organization={ACM}
}
@inproceedings{kaplantzis2007detecting,
  title={Detecting selective forwarding attacks in wireless sensor networks using support vector machines},
  author={Kaplantzis, Sophia and Shilton, Alistair and Mani, Nallasamy and Sekercioglu, Y Ahmet},
  booktitle={Intelligent Sensors, Sensor Networks and Information, 2007. ISSNIP 2007. 3rd International Conference on},
  pages={335--340},
  year={2007},
  organization={IEEE}
}

@article{zhu2006leap+,
  title={LEAP+: Efficient security mechanisms for large-scale distributed sensor networks},
  author={Zhu, Sencun and Setia, Sanjeev and Jajodia, Sushil},
  journal={ACM Transactions on Sensor Networks (TOSN)},
  volume={2},
  number={4},
  pages={500--528},
  year={2006},
  publisher={ACM}
}

@article{perrig2002spins,
  title={SPINS: Security protocols for sensor networks},
  author={Perrig, Adrian and Szewczyk, Robert and Tygar, JD and Wen, Victor and Culler, David E},
  journal={Wireless networks},
  volume={8},
  number={5},
  pages={521--534},
  year={2002},
  publisher={Springer-Verlag New York, Inc.}
}

@inproceedings{luk2007minisec,
  title={MiniSec: a secure sensor network communication architecture},
  author={Luk, Mark and Mezzour, Ghita and Perrig, Adrian and Gligor, Virgil},
  booktitle={Proceedings of the 6th international conference on Information processing in sensor networks},
  pages={479--488},
  year={2007},
  organization={ACM}
}

@inproceedings{karlof2004tinysec,
  title={TinySec: a link layer security architecture for wireless sensor networks},
  author={Karlof, Chris and Sastry, Naveen and Wagner, David},
  booktitle={Proceedings of the 2nd international conference on Embedded networked sensor systems},
  pages={162--175},
  year={2004},
  organization={ACM}
}

@article{shao2009pdcs,
  title={pDCS: Security and privacy support for data-centric sensor networks},
  author={Shao, Min and Zhu, Sencun and Zhang, Wensheng and Cao, Guohong and Yang, Yi},
  journal={Mobile Computing, IEEE Transactions on},
  volume={8},
  number={8},
  pages={1023--1038},
  year={2009},
  publisher={IEEE}
}

@inproceedings{doriguzzi2011tinykey,
  title={Tinykey: A light-weight architecture for wireless sensor networks securing real-world applications},
  author={Doriguzzi Corin, R and Russello, Giovanni and Salvadori, Elio},
  booktitle={Wireless On-Demand Network Systems and Services (WONS), 2011 Eighth International Conference on},
  pages={68--75},
  year={2011},
  organization={IEEE}
}

@article{huang2013efficient,
  title={An Efficient Key Management Scheme for Data-Centric Storage Wireless Sensor Networks},
  author={Huang, Jyh-Ming and Yang, Shun-Bo and Dai, Chan-Ling},
  journal={IERI Procedia},
  volume={4},
  pages={25--31},
  year={2013},
  publisher={Elsevier}
}

@article{datasheetatmel,
  title={Atmel [online]. 2011 [cit. 2011-05-30]},
  author={Datasheet, ATMega168},
  journal={Dostupn{\'e} z URL:< http://www. atmel. com/dyn/resources/prod\_documents/doc2545. pdf}
}

