@phdthesis{jayasuriya2004hidden,
	title={Hidden vs exposed terminal problem in ad hoc networks},
	author={Jayasuriya, Aruna and Perreau, Sylvie and Dadej, Arek and
		Gordon, Steven},
	year={2004},
	school={ATNAC 2004}
}

@inproceedings{zhang2004hardware,
	title={Hardware design experiences in ZebraNet},
	author={Zhang, Pei and Sadler, Christopher M and Lyon, Stephen A and
		Martonosi, Margaret},
	booktitle={Proceedings of the 2nd international conference on Embedded
		networked sensor systems},
	pages={227--238},
	year={2004},
	organization={ACM}
}

@article{werner2006deploying,
	title={Deploying a wireless sensor network on an active volcano},
	author={Werner-Allen, Geoffrey and Lorincz, Konrad and Ruiz, Mario and
		Marcillo, Omar and Johnson, Jeff and Lees, Jonathan and Welsh,
		Matt},
	journal={Internet Computing, IEEE},
	volume={10},
	number={2},
	pages={18--25},
	year={2006},
	publisher={IEEE}
}

@article{prehofer2005self,
	title={Self-organization in communication networks: principles and
		design paradigms},
	author={Prehofer, Christian and Bettstetter, Christian},
	journal={Communications Magazine, IEEE},
	volume={43},
	number={7},
	pages={78--85},
	year={2005},
	publisher={IEEE}
}

@inproceedings{koushanfar2002fault,
	title={Fault tolerance techniques for wireless ad hoc sensor networks},
	author={Koushanfar, Farinaz and Potkonjak, Miodrag and
		Sangiovanni-Vincentell, A},
	booktitle={Sensors, 2002. Proceedings of IEEE},
	volume={2},
	pages={1491--1496},
	year={2002},
	organization={IEEE}
}

@misc{ieee1997wireless,
	title={Wireless LAN medium access control (MAC) and physical layer
		(PHY) specifications},
	author={IEEE Computer Society LAN MAN Standards Committee and others},
	year={1997},
	publisher={IEEE Std}
}

@article{ye2004medium,
	title={Medium access control with coordinated adaptive sleeping for
		wireless sensor networks},
	author={Ye, Wei and Heidemann, John and Estrin, Deborah},
	journal={Networking, IEEE/ACM Transactions on},
	volume={12},
	number={3},
	pages={493--506},
	year={2004},
	publisher={IEEE}
}

@inproceedings{ye2006ultra,
	title={Ultra-low duty cycle MAC with scheduled channel polling},
	author={Ye, Wei and Silva, Fabio and Heidemann, John},
	booktitle={Proceedings of the 4th international conference on Embedded
		networked sensor systems},
	pages={321--334},
	year={2006},
	organization={ACM}
}

@book{Farahani:2008:ZWN:1457417,
	author = {Farahani, Shahin},
	title = {ZigBee Wireless Networks and Transceivers},
	year = {2008},
	isbn = {0750683937, 9780750683937},
	publisher = {Newnes},
	address = {Newton, MA, USA},
} 

@INPROCEEDINGS{1655947,
	author={Adams, J.T.},
	booktitle={Aerospace Conference, 2006 IEEE},
	title={An introduction to IEEE STD 802.15.4},
	year={2006},
	month={},
	pages={8 pp.-},
	keywords={IEEE standards;access protocols;flash
		memories;microcontrollers;primary cells;transceivers;wireless
			sensor networks;IEEE 802.15.4 standard;IPV6;MAC
			layer;PHY layer;RF layer;ZigBee networking;flash
			memory;microcontroller;network complexity;networking
			protocols;power consumption;primary batteries;radio
			transceivers;sensor nets;sensory mesh
			networks;single-chip radios;solar power;thermal
			power;vibrational power;wireless systems;Costs;Energy
			consumption;Manufacturing;Mesh
			networks;Microcontrollers;Protocols;Silicon;Standards
			development;Transceivers;Wireless sensor networks},
	doi={10.1109/AERO.2006.1655947},
}

@misc{atmega128rfa1,
	title = "{ATMega128RFA1 Preliminary Specification}",
	year = "2014",
}

@misc{atmega32u4,
	title = "{ATmega32U4 Preliminary Specification}",
	year = "2012",
}
