% temporary bib item; useful for marking down future citations
@inproceedings{singhal2008inside,
  title={Inside intel next generation nehalem microarchitecture},
  author={Singhal, Ronak},
  booktitle={Hot Chips},
  volume={20},
  year={2008}
}

@article{thomadakis2011architecture,
  title={The architecture of the Nehalem processor and Nehalem-EP SMP platforms},
  author={Thomadakis, Michael E},
  journal={Resource},
  volume={3},
  pages={2},
  year={2011}
}

@inproceedings{semin2009inside,
  title={Inside Intel Nehalem Microarchitecture},
  author={Semin, Andrey},
  booktitle={Slideshow. The Eighth Annual Meeting on High Performance Computing and Infrastructure in Norway},
  pages={1--46},
  year={2009}
}

@inproceedings{gelsinger2008intel,
  title={Intel architecture press briefing},
  author={Gelsinger, Patrick P},
  booktitle={Intel Developer Forum, San Francisco},
  year={2008}
}

@misc{power,
  title = {Intel and Core i7 (Nehalem) Dynamic Power Management  },
  howpublished = {\url{https://impact.asu.edu/cse591sp11/Nahelempm.pdf
}},
  note = {Accessed: 2015-04-21}
}

