% temporary bib item; useful for marking down future citations


@article{alexander2006web,
  title={Web 2.0: A new wave of innovation for teaching and learning?},
  author={Alexander, Bryan},
  journal={Educause review},
  volume={41},
  number={2},
  pages={32},
  year={2006},
  publisher={Educause}
}

@inproceedings{zhang2010comparison,
  title={The comparison between cloud computing and grid computing},
  author={Zhang, Shuai and Chen, Xuebin and Zhang, Shufen and Huo, Xiuzhen},
  booktitle={Computer Application and System Modeling (ICCASM), 2010 International Conference on},
  volume={11},
  pages={V11--72},
  year={2010},
  organization={IEEE}
}

@inproceedings{foster2008cloud,
  title={Cloud computing and grid computing 360-degree compared},
  author={Foster, Ian and Zhao, Yong and Raicu, Ioan and Lu, Shiyong},
  booktitle={Grid Computing Environments Workshop, 2008. GCE'08},
  pages={1--10},
  year={2008},
  organization={Ieee}
}

@article{rings2009grid,
  title={Grid and cloud computing: opportunities for integration with the next generation network},
  author={Rings, Thomas and Caryer, Geoff and Gallop, Julian and Grabowski, Jens and Kovacikova, Tatiana and Schulz, Stephan and Stokes-Rees, Ian},
  journal={Journal of Grid Computing},
  volume={7},
  number={3},
  pages={375--393},
  year={2009},
  publisher={Springer}
}

